11681428308125863025863401788736104123558240319977
89519231479076716942996810647934506466173383908718
38297486744608570677234588227595129066530059131186
91791992094150509907638727653588407081807963511962
73225867547304986468040832767622405851572309888718
89956514378807772187399618895097534886426660693573
43291562809266286808220291517321534862933664658324
98572312315152092953498605878677692079432197856341
26062898319616050088343428746201802699083173797717
83549494011488600304723445480387960146115583879612
38205221512269163213167731690376233072712419463276
69855870471190802569667640607568089414667199757365
36324213044693611051520501981692127600201063635879
36367296504898180964510005438683815172688383472781
52438727907152802233482518179832760585510368220629
42124564411255489615338741788402347032025964740749
44677927946395847945935273749612530507292834104610
43517469351770857169553422492879686375711353094626
01702794455115015010236722411383807813582345023912
22772781211135054533472421466703271426259177489334
21999002916236743182748093498332973787857781601919
08356030717699075412984474250412000710343600509515
81264396897306986326761303802944303116419242998721
96478626283114707505897359627429754602373708672046
05583952308685685096479767754572071384235948954177
16310304767454999951271073770419415179347642014820
31956886526954894380183062147534014407260317117314
89696403765210488646271374410705388732980082233574
23412370503674335402395081101373710401795166950773
51711846211165949034316553528244094767499304281555
37604647099343678481711581382768950301885034293574
03292916163715040048203989137779034072308011798552
98788581430092258791293678948466992313603492224079
97394816225353466065113723968640455457611875539671
13641187187279448822047150726252027295349378195357
14406460996720860893748883509204203558054670087004
67894545691003695612483511515133492076301365531280
08550044931841447751448465017559814936173088138411
25059708959860794127925100586024066363248471959890
31071826257733281185362997445041472220181654948448
63290587016347269145636389819770469678135318622008
99139871192129170493787302952466181785612240017346
55962769111774314230043686896532661581120619197091
03991658299637254299449112299425574813811358715943
06114103364285383554499040991252011294624807739935
89105542412957581747284948943772719299967654208159
93748481716308861416714752055573170578191335519777
06961926464342042086385791250465538436154688977907
94970669235706928729177679932202215196437218605056
25376825340166974513692135573456439782884010169586
52237703107511035509933900592553525992457102913127
57017924258932437296947770516508033771350755940661
84963391791916164352703926685908290776120817264571
46109641574248629105869060788459332632851524169413
63029475311115596820173572106283219751159719898778
64315664964303149968729147974144283508005685181858
65698165485297250382556349557256245645022798584214
36685777410543726947331939346317166352064299558079
03516937131033616398356171652287650060848673341024
38279222984651383762671713988222890194028388277484
92524393460509635260527128555027089629844672782450
91394200152172941038624708354995743358566012006390
33439013582436242994283209559289372821741122602806
01964007754489648920494696459204774377485920810603
47259543231810341670375298120434667265804767786089
60968037931836689326827461378309128748376018228213
74062510816299081080658976116912639541468499516621
76667464172649715666849798315725813624038477797628
12037061084776015734604940177966972693981421085454
37052698633759779343664493544782434746482502214344
87445655534687645761644584952423690688586380290602
86845453867446816888634362468229464962896052038564
12033234512318828989180648784790685855109996307097
08040495794062273925070165158594130653120850641766
62389817577102603459005767484606930695617971126707
59099767147511968424241039441376190038421519141114
29498739593595086218178766450253972293547852758926
78173225991871429833252711679544852387260456766032
49599699677950751141822236781730580936474075574806
02154071558071313922052399687308684779845206528168
30712923259618036655154163818965636268098000817259
34373645647918178470515743927165450625020870761517
26741127020716838615249996298529564127716312497712
29975601825587436841636573382344901007250701814222
26270751513980103454760515969862049988267872182025
41762586236608418996343735419051750213779107150803
89471238040292690098350939537881481782202172517390
68609202878438166674159546665839612596806837289475
24472270424068126989984018096138671797877374821623
80121918764175866702492305965192201068710605421228
33811569094585897620441815008617619788355777471330
31457151672541223212722170792976473838736781340549
63540094637926613564979161466116742479319128790538
87357938715150396886838192840997437144263022838806
45327663458040119724892466906949254982002196444590
47688568984030668837815778073553300790424554171948
77221559216137084727126852635545464589358894603656
52850814878561814107825964465438179829169869312065
71291830280862633541657087132339161242456416492517
11033448005233983741376729066669188031099291211066
63307237668557015637688172796658276161140200726260
53392945472611749258990801869451676358475429910260
56608933299794274516383207573073387113115715389907
47316047403585841297574449459970974149914311612007
94616007639623890837224572247814309724073384827323
76398081495082603799964862069784512887057098422806
78761244990868596817964221121210244515095646228969
24831512811802690914385351594511887282059627590672
05139385773334630455023456981332218968632996915442
85694140842616631863208969842846387726563443405687
80158427785089486796526976151534269521048935654111
93196288077185888519937603905360632420412316074929
55262380876754731968022850331638206751315541631039
42458807653822652186087002843333079461244271561831
62666525804929582494726048933888246352240597669553
52649019968363816305299513436573324083396266860734
20361268760534732907417405322704144159442271087308
50339439805859016317754719683589112231657253198738
55185712168219574532008216240511380234331553950889
02461566615291654927880909085861543555604087727267
42578195397949526514606513057308173136012469167626
79143949896636647622090603105152025437682832995387
52039262843769011605313587570126920693789990730477
27027236822559796529093621574205460312623178826287
79194334580607012064849531304100951273454637210490
58666054766516658107695626716374378153378236553957
48504635071879533182815861957740083795357899013499
51424424657536632537789444830060450592930460204668
13578777092560253832602013439242587586036669202749
14024044919279915611335830606755327727152647825738
28967697117385607066021077368880770190258619554139
62255665624232484517935739018286947938303581985765
42426070091448172254259138615850470928380652198151
87041586482221380866893315638321795264358313650266
19311791365630715115124652129165388068649878800040
80799394726717707979474344066395920991968350968175
29896200476327180087709150214536214727344944835215
94435334219673371454715780887252515341597329734622
07816420481268260657447623613528291798061467304741
45255938044632691479212496051719566001173724609927
28022695993055582192398980515572194333135685710771
21688078907322856282750046899044914986768415499156
01192816540410870690614743258593432362531930040991
43463187269907418673383169741792301447840599780034
31882464772715649180820054988500217054731465475873
64742636903020714378714012329525470001661362638989
32643023620541349769987956311303011076856363643868
50418514254333637975927986513525701716942133038270
67919886858170363919809388549976534020450123092870
11270380527423624894713879324556787994716817417461
31538054639521494211277711523884161261527070129063
89051096527663549874723361970427782534531818928982
04536423975079003941787218315426584465301636160950
35834536121223272576203870848258152914992396174741
28982685335092649110184064582074771606916597256780
97766888855767452136207505060717827212341760880123
96223591849886551417019756787014821304629903346054
14429052904469118835650194088815011097665630688548
44772480757838022634403441790900932788475432012249
39610581304489436123628891205520401497857988878332
47171139427023991578744858702478506512098018684243
91919249640710560557681647680737573612911277681505
39323852537727626881146358439839736829176345062944
99508558926259636215514597085884416647529013586275
08457425302510982979329491697915254198169436879891
24607928553956153253942172830162226136915862087763
95750071378098769334230596582499145714617406270709
34653317959790928635405159893827402527420740191009
26337761551344620417605341125481088435413477327485
29203250838049014551616121895535435668343064587669
97677943288014685962809869308683457404970980723204
37145300145474078844259115633884661082395395399505
38162333058695921286067004322002920267255664626111
45816582212986786399290348026414092837503953198096
59839146109906770070375062001893450315513273306299
78222545488016872481428758989858891618715189815110
48130065557769229973121787548727618878314960032377
47694372373769217031382987538975986975737627786405
99086979062106631518827852513357695781611385353415
66460861125240002061339776894154271109966422437795
17163682941763882733081286245009497639189255499473
21077448931750493992794522288813613032698253040237
59318206660994233480548617283405842133153571970327
01753344649442820765792446657037149848154238319200
90292939102106181141815737390924523004098671375437
10468183826760569003452350133714012894186309601757
23512742454169264607438544176402742996391566583467
50931262706763887042837676699902131908921127210353
85189710241307376175884688339540264554024145501706
98519277548555186259400793567214190152214397477748
98207663239677950942893130910093019182789913216042
81343350413153983419082716217823761185759370240539
14318771736602920339075525220304928185877126495271
84785632577112271306693734861113367114896277392643
59522788179047053420119821677162777142671247720938
83784710416548107983014590226970826590644967282480
22286854584763213025626303454872783369673820440577
59589960642636768304878355359231467915713623367963
79360813101910692955805776583102599235544228106712
14849224829814806291606175131639751613164816015888